@book{harenslak2020,
	author = {Harenslak, Ruiter},
	title = {Data Pipelines with Apache Airflow},
	year = {2020},
	publisher= {Manning},
}
